<record><leader>00000cas a22000007a 4500</leader><controlfield tag="001">10670239</controlfield><controlfield tag="008">840427d18801908ohudn ne      0    0cze d</controlfield><datafield ind1=" " ind2=" " tag="010"><subfield code="a">sn 84028277 </subfield></datafield><datafield ind1=" " ind2=" " tag="040"><subfield code="a">NPY</subfield><subfield code="b">eng</subfield><subfield code="c">NPY</subfield><subfield code="d">OCLCQ</subfield></datafield><datafield ind1=" " ind2=" " tag="042"><subfield code="a">msc</subfield></datafield><datafield ind1="1" ind2="0" tag="242"><subfield code="a">Freedom</subfield><subfield code="y">eng</subfield></datafield><datafield ind1="0" ind2="0" tag="245"><subfield code="a">Volnost.</subfield></datafield><datafield ind1=" " ind2=" " tag="260"><subfield code="a">Cleveland, Ohio :</subfield><subfield code="b">[J. Veverka and E.K. Vopalecky]</subfield></datafield><datafield ind1=" " ind2=" " tag="300"><subfield code="a">v. :</subfield><subfield code="b">ill. ;</subfield><subfield code="c">54 cm.</subfield></datafield><datafield ind1=" " ind2=" " tag="310"><subfield code="a">Daily (except Sun.)</subfield></datafield><datafield ind1=" " ind2=" " tag="321"><subfield code="a">Weekly</subfield></datafield><datafield ind1=" " ind2=" " tag="321"><subfield code="a">Triweekly</subfield></datafield><datafield ind1="1" ind2=" " tag="362"><subfield code="a">Began in Aug. 1880; ceased in Nov. 1908.</subfield><subfield code="z">Cf. Jarabek, E. Czechs and Slovaks in North America, 1976.</subfield></datafield><datafield ind1=" " ind2=" " tag="500"><subfield code="a">Editor: K.F. Tuma.</subfield></datafield><datafield ind1=" " ind2=" " tag="546"><subfield code="a">In Czech.</subfield></datafield><datafield ind1=" " ind2=" " tag="588"><subfield code="a">Description based on: Roc&#780;. 14, c&#780;is. 141 (27. led. 1894).</subfield></datafield><datafield ind1="1" ind2=" " tag="700"><subfield code="a">Tuma, Felix K.</subfield></datafield><datafield ind1=" " ind2=" " tag="752"><subfield code="a">United States</subfield><subfield code="b">Ohio</subfield><subfield code="c">Cuyahoga</subfield><subfield code="d">Cleveland.</subfield></datafield><datafield ind1="1" ind2=" " tag="029"><subfield code="a">AU@</subfield><subfield code="b">000025793598</subfield></datafield></record>